% This file was created with JabRef 2.7b.
% Encoding: UTF-8

@INPROCEEDINGS{babiker,
  author = {{Babiker},Fathelrahman  and {Doyon},Michel and {Abbasi}, Viqar},
  title = {The Canadian Space Agency (CSA) Collision Risk Assessment and Mitigation System (CRAMS): Sharing the Development and the Operational Challenges},
  booktitle = {SpaceOps Conference},
  series = {},
  year = {2012},
  volume = {},
  pages = {},
  owner = {Ceci},
  timestamp = {}
}

@ARTICLE{ODQN14,
  author = {NASA},
  title = {Space Missions and Satellite Box Score},
  journal = {Orbital Debris Quarterly News},
  year = {2014},
  volume = {18},
  pages = {},
  owner = {},
  timestamp = {}
}

@ARTICLE{ODQN,
  author = {NASA},
  title = {Space Missions and Satellite Box Score},
  journal = {Orbital Debris Quarterly News},
  year = {2017},
  volume = {21},
  pages = {},
  owner = {},
  timestamp = {}
}

@ARTICLE{ODQNum,
  author = {NASA},
  title = {The OD Environment in Numbers},
  journal = {Orbital Debris Quarterly News},
  year = {2017},
  volume = {21},
  pages = {},
  owner = {},
  timestamp = {}
}

@ARTICLE{Kelso,
  author = {T.S.Kelso and S.Alfano},
  title = {Satellite Orbital Conjunction Reports Assessing Threatening ENcounters in Space (SOCRATES)},
  journal = {Proc. SPIE, Modeling, Simulation, and Verification of Space-based Systems III},
  year = {2006},
  volume = {1},
  pages = {},
  owner = {Romina},
  timestamp = {2011.12.15}
}

@ARTICLE{alarconRodriguez,
  author = {J.R. Alarc\'on Rodr\'iguez, F.M. Mart\'inez-Fadrique, H. Klinkrad},
  title = {Development of a collision risk assessment tool},
  journal = {Advances in Space Research},
  year = {2004},
  volume = {34},
  pages = {1120-1124},
  owner = {Romina},
  timestamp = {2011.12.15}
}

@ARTICLE{laporte,
  author = {Francois Laporte},
  title = {JAC Software, Dedicated to the Analysis of Conjunction Messages},
  journal = {AIAA},
  year = {2014},
  volume = {1774},
  pages = {},
  owner = {Ceci},
  timestamp = {2016.08.02}
}

@ARTICLE{flohrer,
  author = {Flohrer, T. and Krag, H. and Klinkrad, H.},
  title = {ESA's process for the identification and assessment of high-risk conjunction events},
  journal = {Advances in Space Research},
  year = {2009},
  volume = {44},
  pages = {355-363},
  owner = {Ceci},
  timestamp = {2016.08.02}
  
}

@ARTICLE{kessler0,
  author = {Kessler, D.J. and Cour-Palais, B.G.},
  title = {Collision Frequency of Artificial Satellites: The Creation of a Debris Belt.},
  journal = {Journal of Geophysical Research},
  year = {1978},
  volume = {83},
  pages = {2637-2646},
  owner = {Ceci},
  timestamp = {2016.08.22}
}

@ARTICLE{kessler1,
  author = {Kessler, D.J.},
  title = {Collisional cascading: The limits of population growth in low earth orbit},
  journal = {Advances in Space Research},
  year = {1991},
  volume = {11},
  pages = {1263-1266},
  owner = {Ceci},
  timestamp = {2016.08.22}
}


@ARTICLE{akellaAlfriend,
   author = {{Akella}, M.~R. and {Alfriend}, K.~T.},
    title = "{Probability of Collision Between Space Objects}",
  journal = {Journal of Guidance Control Dynamics},
     year = 2000,
    month = sep,
   volume = 23,
    pages = {769-772},
      doi = {10.2514/2.4611},
   adsurl = {http://adsabs.harvard.edu/abs/2000JGCD...23..769A},
  adsnote = {Provided by the SAO/NASA Astrophysics Data System}
}


@INPROCEEDINGS{anton,
  author = {{Anton}, E. D. and {Perez}, C. A. and {Martinez Fadrique}, F.M. and {Agueda Mate}, A.},
  title = {Closeap: GMV's Solution for Collision Risk Assessment},
  booktitle = {Fifth European Conference on Space Debris},
  series = {ESA Special Publication},
  year = {2009},
  volume = {1774},
  pages = {116},
  owner = {Ceci},
  timestamp = {2016.08.02}
}

@INPROCEEDINGS{agapov,
   author = {{Agapov}, V. and {Fateev}, V. and {Sukhavnov}, S. and {Burtsev}, Y. and 
	{Khutorovsky}, Z. and {Kamensky}, S. and {Stepaniants}, V. and 
	{Samotokhin A.}},
    title = "{Collision Prediction for LEO Satellites. Analysis of Characteristics}",
booktitle = {Advanced Maui Optical and Space Surveillance Technologies Conference},
     year = 2009,
    pages = {E1},
   adsurl = {http://adsabs.harvard.edu/abs/2009amos.confE...1A},
  adsnote = {Provided by the SAO/NASA Astrophysics Data System}
}

@INPROCEEDINGS{foster,
   author = {{Foster}, Jr., J.~L.},
    title = "{The analytic basis for debris avoidance operations for the International Space Station}",
 keywords = {Space Debris, ISS, Risk Analysis},
booktitle = {Space Debris},
     year = 2001,
   series = {ESA Special Publication},
   volume = 473,
   editor = {{Sawaya-Lacoste}, H.},
    month = oct,
    pages = {441-445},
   adsurl = {http://adsabs.harvard.edu/abs/2001ESASP.473..441F},
  adsnote = {Provided by the SAO/NASA Astrophysics Data System}
}


@MISC{cara,
  author = {NASA},
  howpublished = {http://satellitesafety.gsfc.nasa.gov/CARA.html},
  owner = {Ceci},
  timestamp = {2016.08.02}
}

@MISC{ssa,
  author = {AGI, Analytical Graphics, Inc},
  howpublished = {http://www.agi.com/solutions/SSA/},
  owner = {Ceci},
  timestamp = {2016.08.02}
}

@MISC{esaSD,
  author = {ESA},
  title={{Space Debris}},
  howpublished = {http://www.esa.int/Our\_Activities/Operations/Space\_Debris},
  owner = {Ceci},
  year = 2013,
}

@MISC{spacetrack,
  author = {NORAD},
  title={{SPACE-TRACK}},
  howpublished = {http://www.space-track.org},
  owner = {Ceci},
  year = {},
}

@BOOK{leichen,
  title = {Orbital Data Applications for Space Objects},
  publisher = {Springer},
  year = {2017},
  author = {Lei, Chen and Xian-Zong, Bai and Yan-Gang, Liang and Ke-Bo, Li},
  owner = {Ceci},
  timestamp = {2017}
}

@BOOK{Klinkrad,
  title = {Space Debris. Models and Risk Analysis},
  publisher = {Springer},
  year = {2006},
  author = {Heiner Klinkrad},
  owner = {Ceci},
  timestamp = {2011.12.15}
}

@INBOOK{KlinkradChapter8,
  chapter = {8},
  pages = {215-241},
  title = {Space Debris. Models and Risk Analysis},
  publisher = {Springer},
  year = {2006},
  editor = {John Mason},
  author = {Heiner Klinkrad},
  owner = {Romina},
  timestamp = {2011.12.15}
}

@BOOK{CDM,
  title = {Conjunction Data Message - CCSDS 508.0-B-1 - Recommended Standard},
  publisher = {CCSDS Secretariat},
  year = {2013},
  author = {CCSDS},
  owner = {Ceci},
  timestamp = {2016.08.02}
}

@BOOK{iadcguide,
  title = {Space Debris Mitigation Guidelines},
  publisher = {IADC},
  year = {2007},
  author = {IADC},
  owner = {Ceci},
  timestamp = {}
}
#@MASTERSTHESIS
@BOOK{osweiler,
  title = {Covariance estimation and autocorrelation of NORAD Two-line Element Sets},
  author = {{Osweiler}, Victor P}, 
  school = {Air Force Institute of Technology, USA},
  year = {2006},
}

@misc{sgp4python,
  author = {{Brandon Rhodes}},
  title = { sgp4-1.4},
  url = {https://pypi.python.org/pypi/sgp4/},
  version = {1.4},
  date = {2015-01-15},
  year={2015},
}

@misc{stk,
  author = {{Analytical Graphics, Inc.}},
  title = {System Tool Kit - STK 11x64},
  url = {http://www.agi.com/resources},
  version = {11.1},
  year = {2016},
}

@article{karacalioglu2016impact,
  title={The Impact of New Trends in Satellite Launches on the Orbital Debris Environment},
  author={Karacalioglu, Arif Goektug and Stupl, Jan},
  year={2016}
}

@MISC{nasaprogramme,
  author = {NASA},
  title={{Orbital Debris Program Office}},
  howpublished = {http://orbitaldebris.jsc.nasa.gov/},
  owner = {Ceci},
  year = {2017},
}

@techreport{hoots1980models,
  title={Models for propagation of NORAD element sets},
  author={Hoots, Felix R and Roehrich, Ronald L},
  year={1980},
  institution={AEROSPACE DEFENSE COMMAND PETERSON AFB CO OFFICE OF ASTRODYNAMICS}
}

@techreport{spacetrackreport3,
  title={SPACETRACK REPORT NO. 3 Models for Propagation of NORAD Element Sets},
  author={Hoots, Felix R and Roehrich, Ronald L},
  year={1980},
  institution={Project Spacetrack Reports, Office of Astrodynamics, Aerospace Defense Center}
}

@unpublished{hootshistoria,
title={{A History of Analytical Orbit Modeling in the United States Space Surveillance System}},
author = {Hoots, Felix R and Roehrich, Ronald L},
year = {1998},
note= {Third US-Russian Space Surveillance Workshop. Washington, D.C},
}

@article{chan2003improved,
  title={Improved analytical expressions for computing spacecraft collision probabilities},
  author={Chan, Ken},
  journal={Advances in the Astronautical Sciences},
  volume={114},
  pages={1197--1216},
  year={2003}
}

@article{lei2009rapid,
  title={A Rapid Algorithm of Space Debris Collision Probability Based on Space Compression and Infinite Series [J]},
  author={LEI, BAI XIANZONG CHEN},
  journal={Acta Mathematicae Applicatae Sinica},
  volume={2},
  pages={015},
  year={2009}
}
@article{kozai1962second,
  title={Second-order solution of artificial satellite theory without air drag},
  author={Kozai, Yoshihide},
  journal={The Astronomical Journal},
  volume={67},
  pages={446},
  year={1962}
}

@article{brouwer1959solution,
  title={Solution of the problem of artificial satellite theory without drag},
  author={Brouwer, Dirk},
  journal={The Astronomical Journal},
  volume={64},
  pages={378},
  year={1959}
}

@article{brouwer1961theoretical,
  title={Theoretical evaluation of atmospheric drag effects in the motion of an artificial satellite},
  author={Brouwer, Dirk and Hori, Gen-ichiro},
  journal={The Astronomical Journal},
  volume={66},
  pages={193},
  year={1961}
}

@inproceedings{lane1965development,
  title={The development of an artificial satellite theory using a power-law atmospheric density representation},
  author={Lane, MAXH},
  booktitle={2nd Aerospace Sciences Meeting},
  pages={35},
  year={1965}
}

@inproceedings{cranfordimproved,
  title={An improved analytical drag theory for the artificial satellite problem},
  author={Cranford, K},
  booktitle={Astrodynamics Conference},
  pages={925},
  year={1969}
}

@article{lyddane1963small,
  title={Small eccentricities or inclinations in the Brouwer theory of the artificial satellite},
  author={Lyddane, RH},
  journal={The Astronomical Journal},
  volume={68},
  pages={555},
  year={1963}
}

@techreport{arsenault1964general,
  title={General Ephemeris Routine Formulation Document},
  author={Arsenault, JL and Chaffee, Lois and Kuhlman, JR},
  year={1964},
  institution={Report ESDTDR-64-522, Aeronutronic Publ. U-2731}
}


@techreport{lane1979general,
  title={General perturbations theories derived from the 1965 lane drag theory},
  author={Lane, Max H and Hoots, Felix R},
  year={1979},
  institution={AEROSPACE DEFENSE COMMAND PETERSON AFB CO OFFICE OF ASTRODYNAMICS}
}

@article{bowman1971first,
  title={A First Order Semi-Analytic Perturbation Theory for Highly Eccentric 12 Hour Resonating Satellite Orbits},
  author={Bowman, B},
  journal={NORAD document, Nov},
  year={1971}
}

@techreport{hujsak1979restricted,
  title={A restricted four body solution for resonating satellites without drag},
  author={Hujsak, Richard S},
  year={1979},
  institution={AEROSPACE DEFENSE COMMAND PETERSON AFB CO OFFICE OF ASTRODYNAMICS}
}

@article{hoots2004history,
  title={History of analytical orbit modeling in the US space surveillance system},
  author={Hoots, Felix R and Schumacher Jr, Paul W and Glover, Robert A},
  journal={Journal of Guidance, Control, and Dynamics},
  volume={27},
  number={2},
  pages={174--185},
  year={2004}
}


@article{flohrer2008assessment,
  title={Assessment and categorization of TLE orbit errors for the US SSN catalogue},
  author={Flohrer, Tim and Krag, Holger and Klinkrad, Heiner},
  journal={risk},
  volume={8},
  number={9},
  pages={10--11},
  year={2008}
}

@book{montenbruck2012satellite,
  title={Satellite orbits: models, methods and applications},
  author={Montenbruck, Oliver and Gill, Eberhard},
  year={2012},
  publisher={Springer Science \& Business Media}
}

@article{xu2014method,
  title={A method for calculating probability of collision between space objects},
  author={Xu, Xiao-Li and Xiong, Yong-Qing},
  journal={Research in Astronomy and Astrophysics},
  volume={14},
  number={5},
  pages={601},
  year={2014},
  publisher={IOP Publishing}
}

@article{kelso2007validation,
  title={Validation of SGP4 and IS-GPS-200D against GPS precision ephemerides},
  author={Kelso, TS and others},
  year={2007}
}

@inproceedings{krag2007assessment,
  title={Assessment of orbit uncertainties for collision risk predictions at ESA},
  author={Krag, H and Klinkrad, H and Alarcon-Rodriguez, JR},
  booktitle={Second IAASS conference “Space safety in a global world},
  pages={14--16},
  year={2007}
}

@article{wang2009propagation,
  title={Propagation errors analysis of TLE data},
  author={Wang, R and Liu, J and Zhang, QM},
  journal={Advances in Space Research},
  volume={43},
  number={7},
  pages={1065--1069},
  year={2009},
  publisher={Elsevier}
}

